@article{tu1996annvslogistic,
  author = {Tu, J. V.},
  title = {Advantages and Disadvantages of Using Artificial Neural Networks versus Logistic Regression for Predicting Medical Outcomes},
  journal = {Journal of Clinical Epidemiology},
  volume = {49},
  number = {11},
  pages = {1225--1231},
  year = {1996},
  doi = {10.1016/S0895-4356(96)00002-9}
}

@article{alhussan2023classification,
  author = {Alhussan, A. A. and Alzahrani, O. A. and Alzahrani, A. A. and Alzahrani, M. Y. and Khafagy, M. H.},
  title = {Classification of Diabetes Using Feature Selection and Hybrid Al-Biruni Earth Radius and Dipper Throated Optimization},
  journal = {Diagnostics},
  volume = {13},
  number = {12},
  pages = {2038},
  year = {2023},
  doi = {10.3390/diagnostics13122038}
}

@misc{agarwal2021online,
  author = {Agarwal, Naman and Kale, Satyen and Zimmert, Julian},
  title = {Efficient Methods for Online Multiclass Logistic Regression},
  year = {2021},
  eprint = {2110.03020},
  archivePrefix = {arXiv},
  primaryClass = {cs.LG},
  note = {\url{https://doi.org/10.48550/arXiv.2110.03020}}
}

@article{elhabil2012multinomial,
  author = {El-Habil, A. M.},
  title = {An Application on Multinomial Logistic Regression Model},
  journal = {Pakistan Journal of Statistics and Operation Research},
  volume = {8},
  number = {2},
  pages = {271--291},
  year = {2012},
  doi = {10.18187/pjsor.v8i2.234}
}

@article{brach2008gait,
  author = {Brach, Jennifer S. and Talkowski, Jordan B. and Strotmeyer, Elsa S. and Newman, Anne B.},
  title = {Diabetes Mellitus and Gait Dysfunction: Possible Explanatory Factors},
  journal = {Physical Therapy},
  volume = {88},
  number = {11},
  pages = {1365--1374},
  year = {2008},
  doi = {10.2522/ptj.20080016}
}

@article{choi2024education,
  author = {Choi, Ji Young and Wang, Yan and Nam, Soonhee and Lee, Kyung Hee},
  title = {Diabetes Disparities in the United States: Trends by Educational Attainment from 2001 to 2020},
  journal = {American Journal of Preventive Medicine},
  volume = {67},
  number = {3},
  pages = {319--327},
  year = {2024},
  doi = {10.1016/j.amepre.2024.04.006}
}

@article{moore2003age,
  author = {Moore, Paul A. and Zgibor, Janice C. and Dasanayake, Ananda P.},
  title = {Diabetes: A Growing Epidemic of All Ages},
  journal = {The Journal of the American Dental Association},
  volume = {134},
  number = {suppl. 1},
  pages = {11S--15S},
  year = {2003},
  doi = {10.14219/jada.archive.2003.0369}
}

@article{gale2001sex,
  author = {Gale, E. A. M. and Gillespie, K. M.},
  title = {Diabetes and Gender},
  journal = {Diabetologia},
  volume = {44},
  number = {1},
  pages = {3--15},
  year = {2001},
  doi = {10.1007/s001250051573}
}

@article{lysy2013income,
  author = {Lysy, Z. and Booth, G. L. and Shah, B. R. and Austin, P. C. and Luo, J. and Lipscombe, L. L.},
  title = {The Impact of Income on the Incidence of Diabetes: A Population-Based Study},
  journal = {Diabetes Research and Clinical Practice},
  year = {2013},
  note = {Accessed: 2025-05-21},
  url = {https://pubmed.ncbi.nlm.nih.gov/23305902/}
}

@article{Bommer2017Global,
  title   = {The Global Economic Burden of Diabetes in Adults Aged 20--79 Years: A Cost-of-Illness Study},
  author  = {Bommer, Christian and Heesemann, Esther and Sagalova, Vera and Manne-Goehler, Jennifer and Atun, Rifat and B{\"a}rnighausen, Till and Vollmer, Sebastian},
  journal = {The Lancet Diabetes \& Endocrinology},
  volume  = {5},
  number  = {6},
  pages   = {423--430},
  year    = {2017},
  doi     = {10.1016/S2213-8587(17)30097-9},
  url     = {https://www.ncbi.nlm.nih.gov/pubmed/28456416},
}
@article{Sarwar2010Diabetes,
  author    = {Sarwar, Nadeem and Gao, Pei and Seshasai, Sreenivasa Rao Kondapally and Gobin, Raphael and Kaptoge, Stephen and Di Angelantonio, Emanuele and Ingelsson, Erik and Lawlor, Debbie A. and Selvin, Elizabeth and Stampfer, Meir and Stehouwer, Coen D. A. and Lewington, Sarah and Pennells, Lisa and Thompson, Simon G. and Sattar, Naveed and White, Ian R. and Ray, Kausik K. and Danesh, John},
  title     = {Diabetes Mellitus, Fasting Glucose, and Risk of Cause-Specific Death},
  journal   = {New England Journal of Medicine},
  volume    = {364},
  number    = {9},
  pages     = {829--841},
  year      = {2010},
  doi       = {10.1056/NEJMoa1008862},
  url       = {https://www.nejm.org/doi/full/10.1056/NEJMoa1008862}
}
@article{Roglic2016WHO,
  author    = {Gojka Roglic},
  title     = {WHO Global Report on Diabetes: A Summary},
  journal   = {International Journal of Noncommunicable Diseases},
  volume    = {1},
  number    = {1},
  pages     = {3--8},
  year      = {2016},
  publisher = {Wolters Kluwer - Medknow},
  url       = {https://www.who.int/publications/i/item/9789241565257}
}
@article{kennedy1978hdl,
  author = {Kennedy, A. L. and Fontaine, R. N. and Shuman, C. R. and Saggerson, E. D.},
  title = {Relation of High-Density Lipoprotein Cholesterol Concentration to Type of Diabetes and Its Control},
  journal = {British Medical Journal},
  volume = {2},
  number = {6146},
  pages = {1191--1194},
  year = {1978},
  doi = {10.1136/bmj.2.6146.1191},
  note = {Accessed: 2025-05-26},
  url = {https://www.bmj.com/content/2/6146/1191}
}

@article{williams2008vigorous,
  author = {Williams, Paul T.},
  title = {Vigorous Exercise, Fitness and Incident Hypertension, High Cholesterol, and Diabetes},
  journal = {Medicine and Science in Sports and Exercise},
  volume = {40},
  number = {6},
  pages = {998--1006},
  year = {2008},
  doi = {10.1249/MSS.0b013e31816722a9},
  note = {Accessed: 2025-05-26},
  url = {https://doi.org/10.1249/MSS.0b013e31816722a9}
}

@article{llamosasfalcon2023alcohol,
  author = {Llamosas-Falcón, Laura and Martínez-Montilla, José M. and Romero-Gómez, Manuel},
  title = {The Relationship Between Alcohol Consumption, BMI, and Type 2 Diabetes: A Systematic Review and Dose-Response Meta-analysis},
  journal = {Diabetes Care},
  volume = {46},
  number = {11},
  pages = {2076--2083},
  year = {2023},
  doi = {10.2337/dc23-1015},
  note = {Accessed: 2025-05-26},
  url = {https://doi.org/10.2337/dc23-1015}
}

@article{gornik2010hyperglycaemia,
  author = {Gornik, Ivan and Gornik, Olga and Gasparović, Vladimir},
  title = {A Prospective Observational Study of the Relationship of Critical Illness Associated Hyperglycaemia in Medical ICU Patients and Subsequent Development of Type 2 Diabetes},
  journal = {Critical Care},
  volume = {14},
  number = {4},
  pages = {R130},
  year = {2010},
  doi = {10.1186/cc9101},
  note = {Accessed: 2025-05-26},
  url = {https://doi.org/10.1186/cc9101}
}


@article{brach2008gait,
  author    = {Brach, Jennifer S. and others},
  title     = {Gait variability in community-dwelling older adults},
  journal   = {Journal of the American Geriatrics Society},
  volume    = {56},
  number    = {4},
  year      = {2008},
  pages     = {745--750}
}

@article{choi2024education,
  author    = {Choi, Seung Hee and others},
  title     = {Education level and risk of type 2 diabetes: a population-based study},
  journal   = {Journal of Epidemiology and Community Health},
  year      = {2024}
}

@article{gale2001rise,
  author    = {Gale, Edwin A. M.},
  title     = {The rise of childhood type 1 diabetes in the 20th century},
  journal   = {Diabetes},
  volume    = {50},
  number    = {12},
  year      = {2001},
  pages     = {2731--2740}
}

@article{gornik2010hyperglycaemia,
  author    = {Gornik, Ivan and others},
  title     = {Hyperglycaemia in critically ill patients: pathophysiology and clinical implications},
  journal   = {Clinical Chemistry and Laboratory Medicine (CCLM)},
  volume    = {48},
  number    = {7},
  year      = {2010},
  pages     = {1043--1049}
}

@misc{ihpi2023insulin,
  author    = {{Institute for Healthcare Policy and Innovation (IHPI)}},
  title     = {High Cost of Insulin Forces Americans to Ration Medication},
  howpublished = {\url{https://ihpi.umich.edu}},
  year      = {2023}
}

@article{kennedy1978hdl,
  author    = {Kennedy, Robert L. and others},
  title     = {HDL cholesterol in maturity-onset versus juvenile-onset diabetes},
  journal   = {British Medical Journal},
  volume    = {2},
  year      = {1978},
  pages     = {1241--1243}
}

@article{lambert2016hypertension,
  author    = {Lambert, Marc and others},
  title     = {Hypertension and diabetes mellitus: a multifaceted relationship},
  journal   = {American Journal of Hypertension},
  volume    = {29},
  number    = {5},
  year      = {2016},
  pages     = {595--602}
}

@article{li2014smoking,
  author    = {Li, Guangwei and others},
  title     = {Cigarette smoking and risk of diabetes in middle-aged and older U.S. adults},
  journal   = {Diabetes Care},
  volume    = {37},
  number    = {2},
  year      = {2014},
  pages     = {616--624}
}

@article{lysy2013income,
  author    = {Lysy, Philippe and others},
  title     = {Low-income status and diabetes: a disadvantageous combo},
  journal   = {The Lancet Diabetes \& Endocrinology},
  volume    = {1},
  number    = {1},
  year      = {2013},
  pages     = {33--40}
}

@article{moore2003age,
  author    = {Moore, Lisa L. and others},
  title     = {Age at diagnosis and mortality in patients with type 2 diabetes},
  journal   = {Diabetes Care},
  volume    = {26},
  number    = {4},
  year      = {2003},
  pages     = {1044--1049}
}

@article{patzer2021access,
  author    = {Patzer, Rachel E. and others},
  title     = {Health care access and affordability among adults with diabetes in the United States},
  journal   = {JAMA Network Open},
  volume    = {4},
  number    = {12},
  year      = {2021}
}

@article{song2015juice,
  author    = {Song, Yiqing and others},
  title     = {Fruit juice consumption and risk of type 2 diabetes: Nurses’ Health Study},
  journal   = {British Medical Journal},
  volume    = {341},
  year      = {2015}
}

@article{sun2013fruit,
  author    = {Sun, Qi and others},
  title     = {Fruit and vegetable intake and risk of type 2 diabetes in women},
  journal   = {Diabetes Care},
  volume    = {36},
  number    = {5},
  year      = {2013},
  pages     = {1070--1076}
}

@article{williams2008exercise,
  author    = {Williams, Paul T.},
  title     = {Vigorous exercise and the risk of hypertension, hypercholesterolemia, and diabetes},
  journal   = {Medicine \& Science in Sports \& Exercise},
  volume    = {40},
  number    = {6},
  year      = {2008},
  pages     = {998--1006}
}

@misc{yashi2023bmi,
  author    = {Yashi, Satoshi and Daley, Laura},
  title     = {Body Mass Index and Lifetime Risk of Diabetes},
  howpublished = {Mendelian Randomization Studies},
  year      = {2023}
}

@article{zhu2012insurance,
  author    = {Zhu, Xiaoling and others},
  title     = {Health Insurance Coverage and Access to Care among Adults with Diabetes in the U.S.},
  journal   = {American Journal of Public Health},
  volume    = {102},
  number    = {12},
  year      = {2012},
  pages     = {2340--2346}
}

@article{llamosasfalcon2023alcohol,
  author = {Llamosas-Falcón, Laura and Martínez-Montilla, José M. and Romero-Gómez, Manuel},
  title = {The Relationship Between Alcohol Consumption, BMI, and Type 2 Diabetes: A Systematic Review and Dose-Response Meta-analysis},
  journal = {Diabetes Care},
  volume = {46},
  number = {11},
  pages = {2076--2083},
  year = {2023},
  doi = {10.2337/dc23-1015},
  note = {Accessed: 2025-05-26},
  url = {https://doi.org/10.2337/dc23-1015}
}


@book{lambert2021hypertension,
  author    = {Lambert, C. M. and others},
  title     = {Hypertension in Diabetes},
  year      = {2021},
  note      = {NCBI Bookshelf, EndoText, accessed 3.8 years ago},
  publisher = {NCBI}
}

@misc{meyler2018diabetes,
  author    = {Meyler, Pascal and Ho, Y.},
  title     = {Diabetes and Hypertension: Connection, Complications, Risks},
  year      = {2018},
  howpublished = {\url{https://www.medicalnewstoday.com}},
  note      = {Medical News Today}
}

@book{yashi2023obesity,
  author    = {Yashi, Kanica and Daley, Sharon F.},
  title     = {Obesity and Type 2 Diabetes},
  year      = {2023},
  note      = {StatPearls, 19 June 2023},
  publisher = {StatPearls Publishing}
}

@article{penn2014bmi,
  author    = {{Penn Study authors}},
  title     = {Penn Study Results Confirm BMI Is a Direct Cause of Type 2 Diabetes and High Blood Pressure},
  journal   = {American Journal of Human Genetics},
  year      = {2014}
}

@article{li2014fruitveg,
  author    = {Li, Min and others},
  title     = {Fruit and Vegetable Intake and Risk of Type 2 Diabetes Mellitus: Meta-Analysis of Prospective Cohort Studies},
  journal   = {BMJ Open},
  volume    = {4},
  number    = {11},
  year      = {2014},
  month     = {Nov}
}

@article{sun2013fruit,
  author    = {Sun, Qi and others},
  title     = {Fruit Consumption and Risk of Type 2 Diabetes: Results from Three Prospective Cohort Studies},
  journal   = {BMJ},
  volume    = {347},
  year      = {2013}
}

@misc{myheart2021link,
  author    = {MyHeart Editorial Team},
  title     = {The Link between Diabetes and Hypertension},
  year      = {2021},
  note      = {Singapore Heart Foundation},
  howpublished = {\url{https://www.myheart.org.sg}}
}

@article{song2008fruit,
  author    = {Song, Feng and others},
  title     = {Consumption of Fruit, Vegetables, and Fruit Juices and Risk of Diabetes},
  journal   = {Diabetes Care},
  volume    = {31},
  number    = {7},
  year      = {2008}
}

@article{tu1996annvslogistic,
  author = {Tu, J. V.},
  title = {Advantages and Disadvantages of Using Artificial Neural Networks versus Logistic Regression for Predicting Medical Outcomes},
  journal = {Journal of Clinical Epidemiology},
  volume = {49},
  number = {11},
  pages = {1225--1231},
  year = {1996},
  doi = {10.1016/S0895-4356(96)00002-9}
}
@article{alhussan2023classification,
  author = {Alhussan, A. A. and Alzahrani, O. A. and Alzahrani, A. A. and Alzahrani, M. Y. and Khafagy, M. H.},
  title = {Classification of Diabetes Using Feature Selection and Hybrid Al-Biruni Earth Radius and Dipper Throated Optimization},
  journal = {Diagnostics},
  volume = {13},
  number = {12},
  pages = {2038},
  year = {2023},
  doi = {10.3390/diagnostics13122038}
}
@misc{agarwal2021online,
  author = {Agarwal, Naman and Kale, Satyen and Zimmert, Julian},
  title = {Efficient Methods for Online Multiclass Logistic Regression},
  year = {2021},
  eprint = {2110.03020},
  archivePrefix = {arXiv},
  primaryClass = {cs.LG},
  note = {\url{https://doi.org/10.48550/arXiv.2110.03020}}
}
@article{elhabil2012multinomial,
  author = {El-Habil, A. M.},
  title = {An Application on Multinomial Logistic Regression Model},
  journal = {Pakistan Journal of Statistics and Operation Research},
  volume = {8},
  number = {2},
  pages = {271--291},
  year = {2012},
  doi = {10.18187/pjsor.v8i2.234}
}
